<record><leader>00000cas a2200000 a 4500</leader><controlfield tag="001">37487976</controlfield><controlfield tag="008">970818d19631967vtuwr ne      0    0eng c</controlfield><datafield ind1=" " ind2=" " tag="010"><subfield code="a">sn 97067567 </subfield></datafield><datafield ind1=" " ind2=" " tag="040"><subfield code="a">NVN</subfield><subfield code="b">eng</subfield><subfield code="c">NVN</subfield><subfield code="d">OCLCQ</subfield><subfield code="d">OCLCF</subfield><subfield code="d">OCLCO</subfield></datafield><datafield ind1="1" ind2=" " tag="029"><subfield code="a">AU@</subfield><subfield code="b">000013434906</subfield></datafield><datafield ind1=" " ind2=" " tag="042"><subfield code="a">pcc</subfield></datafield><datafield ind1=" " ind2=" " tag="043"><subfield code="a">n-us-vt</subfield></datafield><datafield ind1="0" ind2=" " tag="130"><subfield code="a">Vermont era (Fair Haven, Vt. : 1963)</subfield></datafield><datafield ind1="1" ind2="0" tag="245"><subfield code="a">Vermont era.</subfield></datafield><datafield ind1=" " ind2=" " tag="260"><subfield code="a">Fair Haven, Vt. :</subfield><subfield code="b">Vermont Era Co.,</subfield><subfield code="c">1963-1967.</subfield></datafield><datafield ind1=" " ind2=" " tag="300"><subfield code="a">v.</subfield></datafield><datafield ind1=" " ind2=" " tag="310"><subfield code="a">Weekly</subfield></datafield><datafield ind1="0" ind2=" " tag="362"><subfield code="a">84th year (July 25, 1963)-May 21, 1964 ; v. 85, no. 22 (May 28, 1964)-v. 89, no. 20 (May 18, 1967).</subfield></datafield><datafield ind1=" " ind2=" " tag="500"><subfield code="a">"The state's modern weekly."</subfield></datafield><datafield ind1=" " ind2=" " tag="500"><subfield code="a">In May 1967 the building and press were destroyed by fire.</subfield></datafield><datafield ind1=" " ind2=" " tag="580"><subfield code="a">Formed by the union of: Poultney herald, and: Rutland County advertiser.</subfield></datafield><datafield ind1=" " ind2="0" tag="651"><subfield code="a">Fair Haven (Vt. : Town)</subfield><subfield code="v">Newspapers.</subfield></datafield><datafield ind1=" " ind2="0" tag="651"><subfield code="a">Rutland County (Vt.)</subfield><subfield code="v">Newspapers.</subfield></datafield><datafield ind1=" " ind2="7" tag="655"><subfield code="a">Newspapers.</subfield><subfield code="2">fast</subfield><subfield code="0">(OCoLC)fst01423814</subfield></datafield><datafield ind1=" " ind2="7" tag="651"><subfield code="a">Vermont</subfield><subfield code="z">Fair Haven (Town)</subfield><subfield code="2">fast</subfield><subfield code="0">(OCoLC)fst01335633</subfield></datafield><datafield ind1=" " ind2="7" tag="651"><subfield code="a">Vermont</subfield><subfield code="z">Rutland County.</subfield><subfield code="2">fast</subfield><subfield code="0">(OCoLC)fst01211879</subfield></datafield><datafield ind1=" " ind2=" " tag="752"><subfield code="a">United States</subfield><subfield code="b">Vermont</subfield><subfield code="c">Rutland</subfield><subfield code="d">Fair Haven.</subfield></datafield><datafield ind1="0" ind2="0" tag="780"><subfield code="t">Fair Haven era</subfield><subfield code="w">(DLC)sn 87070031</subfield><subfield code="w">(OCoLC)15730251</subfield></datafield><datafield ind1="0" ind2="4" tag="780"><subfield code="t">Poultney herald</subfield></datafield><datafield ind1="0" ind2="4" tag="780"><subfield code="t">Rutland County advertiser</subfield></datafield></record>